% How to cite webpage: https://tex.stackexchange.com/questions/3587/how-can-i-use-bibtex-to-cite-a-web-page
@misc{2022sensorreading,
  title = {Microclimate Sensor Readings},
  author = {{City of Melbourne}},
  howpublished = {\url{https://data.melbourne.vic.gov.au/Environment/Microclimate-Sensor-Readings/u4vh-84j8}},
  note = {Accessed: 2022-08-01}
}

@misc{2022sensorlocation,
  title = {Microclimate Sensor Locations},
  author = {{City of Melbourne}},
  howpublished = {\url{https://data.melbourne.vic.gov.au/Environment/Microclimate-Sensor-Locations/irqv-hjr4}},
  note = {Accessed: 2023-08-22}
}

@online{2023shootings,
	title = {More than 25,000 people killed in gun violence so far in 2023},
	author = {Kiara Alfonesca},
	year = {2022},
	url = {https://abcnews.go.com/US/116-people-died-gun-violence-day-us-year/story?id=97382759},
	urldate = {2023-08-22}
}

@online{nyc25,
	title = {More than 25,000 people killed in gun violence so far in 2023},
	author = {Aaron Katersky},
	year = {2022},
	url = {https://abcnews.go.com/US/shootings-new-york-city-25-year-nypd/story?id=100793613},
	urldate = {2023-08-22}
}

@online{friendshooting,
	title = {Stray bullet hits 2 friends riding in taxi in Midtown Manhattan},
	author = {Sonia Rincon},
	year = {2022},
	url = {https://abc7ny.com/man-shot-men-livery-cab-taxi/12014555/},
	urldate = {2023-08-22}
}

@online{greenlose,
	title = {Green Cabs Are Being Phased Out — Here's What Will Replace Them},
	author = {NBC New York Staff},
	year = {2022},
	url = {https://www.nbcnewyork.com/news/local/green-cabs-are-being-phased-out-heres-what-will-replace-them/4302496/#:~:text=The%20Taxi%20and%20Limousine%20Commission,%25%20plunge%2C%20The%20City%20reported.},
	urldate = {2023-08-22}
}

@online{nypdshootings,
	title = {NYPD Shooting Incident Data (Historic)},
	author = {NYPD},
	year = {2023},
	url = {https://data.cityofnewyork.us/Public-Safety/NYPD-Shooting-Incident-Data-Historic-/833y-fsy8.},
	urldate = {2023-08-22}
}

@online{tlc,
	title = {TLC Trip Record Data},
	author = {TLC},
	year = {2023},
	url = {https://www.nyc.gov/site/tlc/about/tlc-trip-record-data.page},
	urldate = {2023-08-22}
}

@online{sunsetpark,
	title = {Amid a Rise in Shootings, New York’s Children Confront a Wave of Grief},
	author = {Troy Closson},
	year = {2022},
	url = {https://www.nytimes.com/2022/04/25/nyregion/nyc-gun-violence-children.html},
	urldate = {2023-08-22}
}

@misc{randomforest,
  title = {COMP30027 Machine Learning Lecture 7: Classifier Combiation},
  author = {Ling Luo},
  howpublished = {University of Melbourne}
}

@online{duke,
	title = {Introduction to ARIMA: nonseasonal models},
	author = {Robert Nau},
	year = {2020},
	url = {https://people.duke.edu/~rnau/411arim.htm},
	urldate = {2023-08-22}
}

@online{stationarity,
	title = {Stationarity},
	author = {National Institute of Standards and Technology},
	year = {n/a},
	url = {https://www.itl.nist.gov/div898/handbook/pmc/section4/pmc442.htm},
	urldate = {2023-08-22}
}

@online{arima,
	title = {When to use ARIMA models},
	author = {Christina Ellis},
	year = {n/a},
	url = {https://crunchingthedata.com/when-to-use-arima/},
	urldate = {2023-08-22}
}

https://crunchingthedata.com/when-to-use-arima/


% You should lookup the entries defined in bibtex to properly format your .bib file